@book{mitrovic1997fundamentals,
  title={Fundamentals of Applied Functional Analysis},
  author={Mitrovic, D. and Zubrinic, D.},
  isbn={9780582246942},
  lccn={96031178},
  series={Monographs and Surveys in Pure and Applied Mathematics},
  url={https://books.google.co.in/books?id=Od5BxTEN0VsC},
  year={1997},
  publisher={Taylor \& Francis}
}

@book{royden2010real,

	title={Real Analysis},

	author={Royden, H.L. and Fitzpatrick, P.},

	isbn={9780131437470},

	lccn={2009048692},

	url={https://books.google.es/books?id=0Y5fAAAACAAJ},

	year={2010},

	publisher={Prentice Hall}

}

@book{kurdila2005convex,

	title={Convex Functional Analysis},

	author={Kurdila, A.J. and Zabarankin, M.},

	isbn={978-3-7643-2198-7},

	doi={https://doi.org/10.1007/3-7643-7357-1},
	year={2005},

	publisher={Birkhäuser Basel}

}

@incollection{aubin79,

	title = "Chapter 2 Existence, Uniqueness and Stability of Optimal Solutions",

	editor = "Jean-Pierre Aubin",

	series = "Studies in Mathematics and Its Applications",

	publisher = "Elsevier",

	volume = "7",

	pages = "42 - 74",

	year = "1979",

	booktitle = "Mathematical Methods of Game and Economic Theory",

	issn = "0168-2024",

	doi = "https://doi.org/10.1016/S0168-2024(09)70010-4",

	url = "http://www.sciencedirect.com/science/article/pii/S0168202409700104",

	abstract = "Publisher Summary

	This chapter discusses the general results concerning the existence and uniqueness of an optimal solution (and the structure of the optimal set). The stability properties of optimal solutions are also considered. Because a decreasing sequence of non-empty compact subsets has a non-empty intersection, an optimal solution exists whenever all the sections S(f, λ)are compact—that is, closed and relatively compact. A function with closed sections is called “lower semi-continuous” and a function with relatively compact sections is called “lower semi-compact.” Another instance of a decreasing sequence of sets with non-empty intersection occurs when the sets are closed. The perturbation of the loss function by the simplest loss functions is discussed."

}

@book{merkel2010eindimensionale,

	title={Eindimensionale Finite Elemente},

	author={Merkel, M. and {\"O}chsner, A.},

	isbn={9783642049927},

	url={https://books.google.de/books?id=HW5Hn\_PDzi0C},

	year={2010},

	publisher={Springer Berlin Heidelberg}

}

@book{ulbrich2012nichtlineare,

	title={Nichtlineare Optimierung},

	author={Ulbrich, M. and Ulbrich, S.},

	isbn={9783034601429},

	series={Mathematik Kompakt},

	url={https://books.google.de/books?id=pmfFbwAACAAJ},

	year={2012},

	publisher={Springer Basel}

}

@paper{2019christof,
	title={Finite Element Error Estimates in Non-EnergyNorms for the Two-Dimensional Scalar Signorini Problem},
	author={Constantin Christof and Christof Haubner},
	year={2019},
	series={preprint}
}


@inbook{2000vareqhilbert,
	doi={10.1137/1.9780898719451.ch2},	
	title = {2. Variational Inequalities in Hilbert Space},
	booktitle = {An Introduction to Variational Inequalities and Their Applications},
	chapter = {},
	pages = {23-82},
	doi = {10.1137/1.9780898719451.ch2},
}